@article{BEIT,
    title = {Beit: Bert pre-training of image transformers},
    author = {Bao, Hangbo and Dong, Li and Piao, Songhao and Wei, Furu},
    journal = {arXiv preprint arXiv:2106.08254},
    year = {2021},
}
