@misc{Authors14,
    author = {FirstName LastName},
    title = {The frobnicatable foo filter},
    note = {Face and Gesture submission ID 324. Supplied as supplemental
            material {\tt fg324.pdf}},
    year = 2014,
}
