@article{DeepLab,
    title = {Deeplab: Semantic image segmentation with deep convolutional nets,
             atrous convolution, and fully connected crfs},
    author = {Chen, Liang-Chieh and Papandreou, George and Kokkinos, Iasonas and
              Murphy, Kevin and Yuille, Alan L},
    journal = {IEEE transactions on pattern analysis and machine intelligence},
    volume = {40},
    number = {4},
    pages = {834--848},
    year = {2017},
    publisher = {IEEE},
}

